%! Author = Karlo
%! Date = 23.1.2024.

